@Misc{ Shankar01detectingformat,
	author = "Umesh Shankar and Kunal Talwar and Jeffrey S. Foster and David Wagner",
	title = "Detecting Format String Vulnerabilities with Type Qualifiers",
	year = "2001"
}

@Article{ dkw2008,
	AUTHOR = "Vijay D'Silva and Daniel Kroening and Georg Weissenbacher",
	TITLE = "A Survey of Automated Techniques for Formal Software Verification",
	YEAR = "2008",
	PUBLISHER = "IEEE",
	PAGES = "1165--1178",
	JOURNAL = "IEEE Transactions on Computer-Aided Design of Integrated Circuits and Systems (TCAD)",
	VOLUME = "27",
	MONTH = "July",
	NUMBER = "7"
}

@Article{ DBLP:journals/software/EvansL02,
	author = "David Evans and David Larochelle",
	title = "Improving Security Using Extensible Lightweight Static Analysis",
	journal = "IEEE Software",
	volume = "19",
	number = "1",
	year = "2002",
	pages = "42--51",
	ee = "http://doi.ieeecomputersociety.org/10.1109/52.976940",
	bibsource = "DBLP, http://dblp.uni-trier.de"
}

@TechReport{ Younan04codeinjection,
	author = "Yves Younan and Wouter Joosen and Frank Piessens",
	title = "Code injection in {C} and {C++} : A survey of vulnerabilities and countermeasures",
	institution = "Departement Computerwetenschappen, {Katholieke Universiteit Leuven}",
	year = "2004"
}

@InProceedings{ formatguard,
	author = "Crispin Cowan and Matt Barringer and Steve Beattie and Greg Kroah-hartman and Mike Frantzen and Jamie Lokier",
	title = "FormatGuard: Automatic Protection From printf Format String Vulnerabilities",
	booktitle = "In Proceedings of the 10th USENIX Security Symposium",
	year = "2001"
}

@Article{ lhee,
	author = "Kyung-Suk Lhee and Steve J. Chapin",
	title = "Buffer overflow and format string overflow vulnerabilities",
	journal = "Softw. Pract. Exper.",
	volume = "33",
	issue = "5",
	month = "April",
	year = "2003",
	issn = "0038-0644",
	pages = "423--460",
	numpages = "38",
	url = "http://dl.acm.org/citation.cfm?id=781669.781672",
	doi = "10.1002/spe.515",
	acmid = "781672",
	publisher = "John Wiley \& Sons, Inc.",
	address = "New York, NY, USA",
	keywords = "ELF, Linux, array and pointer range checking, buffer overflow, format string overflow"
}

